<record xmlns='http://www.loc.gov/MARC21/slim'><leader>01222cim a22002772u 4500</leader><controlfield tag='001'>3604366</controlfield><controlfield tag='005'>20151214183408.0</controlfield><controlfield tag='007'>ss|lmnjluz|nuu</controlfield><controlfield tag='008'>991101s1992    nyunnn         l    eng d</controlfield><datafield ind1=' ' ind2=' ' tag='035'><subfield code='a'>(NIC)notisASG1431</subfield></datafield><datafield ind1=' ' ind2=' ' tag='035'><subfield code='a'>3604366</subfield></datafield><datafield ind1=' ' ind2=' ' tag='035'><subfield code='a'>(OCoLC)63902636</subfield></datafield><datafield ind1=' ' ind2=' ' tag='040'><subfield code='a'>NIC</subfield><subfield code='c'>NIC</subfield><subfield code='d'>NIC</subfield></datafield><datafield ind1='1' ind2=' ' tag='100'><subfield code='a'>Meier, Richard.</subfield></datafield><datafield ind1='1' ind2='0' tag='245'><subfield code='a'>Light, space and form: the heart of architecture</subfield><subfield code='h'>[sound recording]</subfield></datafield><datafield ind1=' ' ind2=' ' tag='260'><subfield code='c'>1992.</subfield></datafield><datafield ind1=' ' ind2=' ' tag='300'><subfield code='a'>1 sound cassette (47 min.) :</subfield><subfield code='b'>analog, mono.</subfield></datafield><datafield ind1=' ' ind2=' ' tag='500'><subfield code='a'>Recorded in Ithaca, NY by Cornell University.</subfield></datafield><datafield ind1=' ' ind2=' ' tag='500'><subfield code='a'>Accompanied by: Notes.</subfield></datafield><datafield ind1=' ' ind2=' ' tag='500'><subfield code='a'>Sponsored by: Architecture, College of,Trustee Council, Cornell University.</subfield></datafield><datafield ind1=' ' ind2=' ' tag='500'><subfield code='a'>Speaker(s): Architect.</subfield></datafield><datafield ind1=' ' ind2=' ' tag='518'><subfield code='a'>Lecture, October 29, 1992.</subfield></datafield><datafield ind1=' ' ind2=' ' tag='520'><subfield code='a'>Meier discusses the role of light in arhictecture, citing his own architecture in particular.  He discusses the different aspects of architecture for different kinds of buidlings, focusing especially on museums. He analyzes the relationship between landscape and architecture, and concludes that space, light, and form are the heart of architecture.</subfield></datafield><datafield ind1=' ' ind2='0' tag='830'><subfield code='a'>Trustee Council Weekend events.</subfield></datafield><datafield ind1='1' ind2=' ' tag='899'><subfield code='a'>CULectures</subfield></datafield><datafield ind1=' ' ind2=' ' tag='905'><subfield code='a'>19991201120000.0</subfield></datafield></record>